%% This BibTeX bibliography file was created using BibDesk.
%% http://bibdesk.sourceforge.net/

%% Created for Sergej at 2016-05-03 19:55:37 +0200


%% Saved with string encoding Unicode (UTF-8)
@article{newson2parameters,
  title={Parameters behind “nonparametric” statistics: Kendall’s tau, Somers’ D and median differences},
  author={Newson, Roger},
  journal={The Stata Journal},
  volume={2},
  number={1},
  pages={45--64}
}
@book{angrist2008mostly,
  title={Mostly harmless econometrics: An empiricist's companion},
  author={Angrist, Joshua D and Pischke, J{\"o}rn-Steffen},
  year={2008},
  publisher={Princeton university press}
}

@article{Griffith-R_D-2004,
	Author = {Rachel Griffith and Stephen Redding and John Van Reenen},
	Journal = {The Review of Economics and Statistics},
	Month = {November},
	Number = {4},
	Pages = {883-895},
	Title = {Mapping the Two Faces of R\&D: Productivity Growth in a Panel of OECD Industries},
	Volume = {86},
	Year = 2004,
	Bdsk-Url-1 = {https://ideas.repec.org/a/tpr/restat/v86y2004i4p883-895.html}}

@article{Moons:2006a,
	Author = {Moons, Karel G M and Donders, Rogier A R T and Stijnen, Theo and Harrell, Frank E Jr},
	Journal = {Journal of clinical epidemiology},
	Month = {Oct},
	Number = {10},
	Pages = {1092--1101},
		Title = {Using the outcome for imputation of missing predictor values was preferred.},
	Volume = {59},
	Year = {2006}
	}

@article{Rubin_matching,
	Author = {Donald B. Rubin},
	Date-Added = {2016-05-02 20:45:42 +0000},
	Date-Modified = {2016-05-03 08:21:27 +0000},
	Issn = {07350015},
	Journal = {Journal of Business \& Economic Statistics},
	Number = {1},
	Pages = {87-94},
	Publisher = {American Statistical Association, Taylor \& Francis, Ltd.},
	Title = {Statistical Matching Using File Concatenation with Adjusted Weights and Multiple Imputations},
	Volume = {4},
	Year = {1986},
	Bdsk-Url-1 = {http://www.jstor.org/stable/1391390}}

@article{little1992regression,
	Author = {Little, Roderick JA},
	Date-Added = {2016-05-02 19:27:50 +0000},
	Date-Modified = {2016-05-02 19:27:50 +0000},
	Journal = {Journal of the American Statistical Association},
	Number = {420},
	Pages = {1227--1237},
	Publisher = {Taylor \& Francis Group},
	Title = {Regression with missing X's: a review},
	Volume = {87},
	Year = {1992}}

@article{bhaskaran,
	Author = {Bhaskaran, Krishnan and Smeeth, Liam},
	Date-Added = {2016-05-02 13:23:15 +0000},
	Date-Modified = {2016-05-02 13:24:32 +0000},
	Journal = {International Journal of Epidemiology},
	Number = {4},
	Pages = {1336--1339.},
	Publisher = {IEA},
	Title = {What is the difference between missing completely at random and missing at random?},
	Volume = {43},
	Year = {2014}}

@article{royston2011multiple,
	Author = {Royston, Patrick and White, Ian R and others},
	Date-Added = {2016-05-02 13:20:50 +0000},
	Date-Modified = {2016-05-02 13:20:50 +0000},
	Journal = {Journal of Statistical Software},
	Number = {4},
	Pages = {1--20},
	Publisher = {American Statistical Association},
	Title = {Multiple imputation by chained equations (MICE): implementation in Stata},
	Volume = {45},
	Year = {2011}}

@inproceedings{rubin1978,
	Author = {Rubin, Donald B.},
	Booktitle = {Proceedings of the survey research methods section of the American Statistical Association. Vol. 1.},
	Date-Added = {2016-05-01 12:23:41 +0000},
	Date-Modified = {2016-05-01 12:26:23 +0000},
	Title = {Multiple imputations in sample surveys-a phenomenological Bayesian approach to nonresponse},
	Year = {1978}}

@book{Little:2002a,
	Author = {Little, Roderick J. A. and Rubin, Donald B.},
	Date-Added = {2016-05-01 11:41:58 +0000},
	Date-Modified = {2016-05-01 11:44:57 +0000},
	Doi = {10.1002/9781119013563.ch10},
	Edition = {Second Edition},
	Isbn = {9781119013563},
	Keywords = {Bayes, multiple imputation (ML)},
	Publisher = {John Wiley \& Sons, Inc.},
	Series = {Wiley series in probability and statistics},
	Title = {Statistical Analysis with Missing Data},
	Url = {http://dx.doi.org/10.1002/9781119013563.ch10},
	Year = {2002},
	Bdsk-Url-1 = {http://dx.doi.org/10.1002/9781119013563.ch10}}

@misc{Wooldridge,
	Annote = {http://ww.nber.org/WNE/lect_12_missing.pdf [accessed on 30.04.2016]},
	Author = {Guido Imbens and Jeffrey Wooldridge},
	Date-Added = {2016-04-30 12:54:56 +0000},
	Date-Modified = {2016-04-30 12:58:16 +0000},
	Title = {What is New in Econometrics? Lecture Notes 12, Missing Data},
	Year = {2007}}

@article{fredricks2007,
	Author = {Fredricks, Gregory A and Nelsen, Roger B},
	Date-Added = {2016-04-27 22:41:45 +0000},
	Date-Modified = {2016-04-27 22:42:40 +0000},
	Journal = {Journal of Statistical Planning and Inference},
	Number = {7},
	Pages = {2143--2150},
	Publisher = {Elsevier},
	Title = {On the relationship between Spearman's rho and Kendall's tau for pairs of continuous random variables},
	Volume = {137},
	Year = {2007}}

@incollection{abdi2007kendall,
	Author = {Abdi, Herv{\'e}},
	Booktitle = {Encyclopedia of Measurement and Statistics},
	Date-Added = {2016-04-27 14:21:57 +0000},
	Date-Modified = {2016-04-27 14:24:40 +0000},
	Editor = {Neil Salkind},
	Pages = {508--510},
	Publisher = {Sage},
	Title = {The Kendall rank correlation coefficient},
	Year = {2007}}

@article{1991Rubin,
	Author = {Li, Kim-Hung and Meng, Xiao-Li and Raghunathan, Trivellore E and Rubin, Donald B},
	Journal = {Statistica Sinica},
	Pages = {65--92},
	Publisher = {JSTOR},
	Title = {Significance levels from repeated p-values with multiply-imputed data},
	Year = {1991}}

@techreport{van2000mice,
	Author = {Buuren, S van and Oudshoorn, CGM},
	Institution = {TNO},
	Title = {Multivariate imputation by chained equations: MICE V1. 0 user's manual},
	Year = {2000}}

@article{mi_practice,
	Author = {Nicholas J. Horton, Stuart R. Lipsitz},
	Issn = {00031305},
	Journal = {The American Statistician},
	Number = {3},
	Pages = {244-254},
	Publisher = {[American Statistical Association, Taylor \& Francis, Ltd.]},
	Title = {Multiple Imputation in Practice: Comparison of Software Packages for Regression Models with Missing Variables},
	Url = {http://www.jstor.org/stable/2685809},
	Volume = {55},
	Year = {2001},
	Bdsk-Url-1 = {http://www.jstor.org/stable/2685809}}

@article{van2007multiple,
	Author = {Van Buuren, Stef},
	Journal = {Statistical methods in medical research},
	Number = {3},
	Pages = {219--242},
	Publisher = {Sage Publications},
	Title = {Multiple imputation of discrete and continuous data by fully conditional specification},
	Volume = {16},
	Year = {2007}}

@article{White_MI_chained,
	Author = {White, Ian R. and Royston, Patrick and Wood, Angela M.},
	Issn = {1097-0258},
	Journal = {Statistics in Medicine},
	Keywords = {missing data, multiple imputation, fully conditional specification},
	Number = {4},
	Pages = {377--399},
	Publisher = {John Wiley \& Sons, Ltd.},
	Title = {Multiple imputation using chained equations: Issues and guidance for practice},
	Volume = {30},
	Year = {2011}}

@article{schafer99,
	Author = {Schafer, Joseph L.},
	Journal = {Statistical Methods in Medical Research},
	Pages = {3--15},
	Title = {Multiple imputation: a primer},
	Volume = {8},
	Year = {1999}}

@article{schafer1998multiple,
	Author = {Schafer, Joseph L and Olsen, Maren K},
	Journal = {Multivariate behavioral research},
	Number = {4},
	Pages = {545--571},
	Publisher = {Taylor \& Francis},
	Title = {Multiple imputation for multivariate missing-data problems: A data analyst's perspective},
	Volume = {33},
	Year = {1998}}

@article{bernard2004,
	Author = {Bernard, Andrew B and Jensen, J Bradford},
	Journal = {Review of Economics and Statistics},
	Number = {2},
	Pages = {561--569},
	Title = {Why some firms export},
	Volume = {86},
	Year = {2004}}

@article{van2006fully,
	Author = {Van Buuren, Stef and Brand, Jaap PL and Groothuis-Oudshoorn, CGM and Rubin, Donald B},
	Journal = {Journal of statistical computation and simulation},
	Number = {12},
	Pages = {1049--1064},
	Publisher = {Taylor \& Francis},
	Title = {Fully conditional specification in multivariate imputation},
	Volume = {76},
	Year = {2006}}

@book{Rubin1987,
	Author = {Rubin, Donald B.},
	Date-Modified = {2016-05-02 13:21:13 +0000},
	Edition = {99},
	Publisher = {Wiley},
	Title = {Multiple Imputation for Nonresponse in Surveys},
	Year = {1987}}

@article{Morris2014,
	Author = {Morris, Tim P. and White, Ian R. and Royston, Patrick},
	Journal = {BMC Medical Research Methodology},
	Number = {1},
	Pages = {1--13},
	Title = {Tuning multiple imputation by predictive mean matching and local residual draws},
	Volume = {14},
	Year = {2014}}

@book{mastering,
	Author = {Angrist, Joshua D. and Pischke , Joern-Steffen},
	Publisher = {Princeton University Press},
	Title = {Mastering Metrics: The Path from Cause to Effect},
	Year = {2014}}

@article{hausman1978,
	Author = {Hausman, Jerry A},
	Journal = {Econometrica: Journal of the Econometric Society},
	Pages = {1251--1271},
	Publisher = {JSTOR},
	Title = {Specification tests in econometrics},
	Year = {1978}}

@article{Costinot2010,
	Author = {Arnaud Costinot and Dave Donaldson and Ivana Komunjer},
	Institution = {National Bureau of Economic Research, Inc},
	Journal = {NBER Working Papers},
	Number = {16262},
	Title = {What Goods Do Countries Trade? A Quantitative Exploration of Ricardo's Ideas},
	Year = {2010}}

@article{brownstone2001mi,
	Author = {Brownstone, David and Valletta, Robert},
	Journal = {The Journal of Economic Perspectives},
	Number = {4},
	Pages = {129--141},
	Publisher = {JSTOR},
	Title = {The bootstrap and multiple imputations: harnessing increased computing power for improved statistical tests},
	Volume = {15},
	Year = {2001}}

@article{AngristKrueger01,
	Author = {Angrist, Joshua D. and Krueger, Alan B.},
	Journal = {Journal of Economic Perspectives},
	Number = {4},
	Pages = {69-85},
	Title = {Instrumental Variables and the Search for Identification: From Supply and Demand to Natural Experiments},
	Volume = {15},
	Year = {2001}}

@article{Shikher,
	Author = {Serge Shikher},
	Journal = {Journal of International Economics},
	Number = {2},
	Pages = {229 -- 242},
	Title = {Capital, technology, and specialization in the neoclassical model},
	Volume = {83},
	Year = {2011}}

@article{Krugman1995,
	Author = {Paul Krugman},
	Journal = {Brookings Papers on Economic Activity},
	Number = {1, 25th A},
	Pages = {327-377},
	Title = {Growing World Trade: Causes and Consequences},
	Volume = {26},
	Year = {1995}}

@article{Kleibergen06,
	Author = {Kleibergen, Frank and Paap, Richard},
	Journal = {Journal of Econometrics},
	Number = {1},
	Pages = {97--126},
	Title = {Generalized reduced rank tests using the singular value decomposition},
	Volume = {133},
	Year = {2006}}

@article{Baum07,
	Author = {Baum, C. F. and Schaffer, M. E.and Stillman, S.},
	Journal = {Stata Journal},
	Number = {4},
	Pages = {465--506},
	Publisher = {Stata Press},
	Title = {Enhanced routines for instrumental variables/generalized method of moments estimation and testing},
	Volume = {7},
	Year = {2007}}

@inbook{Arndt_K,
	Author = {Arndt, S. W. and Kierzkowski, H.},
	Booktitle = {Fragmentation: New production patterns in the world economy},
	Chapter = {3},
	Editor = {Arndt, S. W. and Kierzkowski, H.},
	Location = {Oxford},
	Publisher = {Oxford: Oxford University Press},
	Title = {A Framework for Fragmentation},
	Year = {2001}}

@book{greene,
	Author = {Greene, William H},
	Publisher = {Pearson Education India},
	Title = {Econometric analysis},
	Year = {2003}}

@book{Dhaene,
	Author = {Dhaene, Geert},
	Location = {Leuven},
	Publisher = {Leuven Ekonomika},
	Title = {Advanced Econometrics},
	Year = 2014}

@article{Stock-Staiger,
	Author = {Douglas Staiger, James H. Stock},
	Issn = {00129682, 14680262},
	Journal = {Econometrica},
	Number = {3},
	Pages = {557-586},
	Publisher = {The Econometric Society},
	Title = {Instrumental Variables Regression with Weak Instruments},
	Volume = {65},
	Year = {1997}}

@article{bernard2007,
	Author = {Bernard, Andrew B. and Jensen, J. Bradford and Redding, Stephen J. and Schott, Peter K.},
	Issn = {08953309},
	Journal = {The Journal of Economic Perspectives},
	Number = {3},
	Pages = {105--130},
	Publisher = {American Economic Association},
	Title = {Firms in International Trade},
	Url = {http://www.jstor.org/stable/30033737},
	Volume = {21},
	Year = {2007},
	Bdsk-Url-1 = {http://www.jstor.org/stable/30033737}}

@book{cameron2009,
	Author = {Cameron, A.C. and Trivedi, P.K.},
	Isbn = {9780521848053},
	Lccn = {2004022273},
	Location = {Cambridge},
	Publisher = {Cambridge University Press},
	Title = {Microeconometrics: Methods and Applications},
	Year = {2005}}

@inbook{bhagwati98,
	Author = {Bhagwati, Jagdish and Dehejia, Vivek},
	Booktitle = {Trade and Wages: Leveling Wages Down?},
	Editors = {Bhagwati, Bagdish and Kosters, Marvin H.},
	Location = {Washington, D.C.},
	Pages = {36--75},
	Publisher = {The American Enterprise Institute Press},
	Title = {Freer trade and wages of the unskilled: is Marx striking again?},
	Year = {1994}}

@book{combes,
	Author = {Combes, Pierre-Philippe and Mayer, Thierry and Thisse, Jacques-Fran{\c{c}}ois},
	Location = {Princeton, N.J.},
	Publisher = {Princeton University Press},
	Title = {Economic geography: The integration of regions and nations},
	Year = {2008}}

@misc{stan2,
	Author = {OECD},
	Title = {STAN R \& D expenditures in Industry},
	Year = {2013}}

@article{yeats,
	Author = {Yeats, AlexanderJ.},
	Doi = {10.1007/BF02705840},
	Issn = {0043-2636},
	Journal = {Weltwirtschaftliches Archiv},
	Number = {1},
	Pages = {61-73},
	Publisher = {Springer-Verlag},
	Title = {On the appropriate interpretation of the revealed comparative advantage index: Implications of a methodology based on industry sector analysis},
	Volume = {121},
	Year = {1985},
	Bdsk-Url-1 = {http://dx.doi.org/10.1007/BF02705840}}

@article{krugman1998,
	Author = {Krugman, Paul R.},
	Issn = {08953309},
	Journal = {The Journal of Economic Perspectives},
	Number = {2},
	Pages = {61--174},
	Publisher = {American Economic Association},
	Title = {Space: The Final Frontier},
	Url = {http://www.jstor.org/stable/2646968},
	Volume = {12},
	Year = {1998},
	Bdsk-Url-1 = {http://www.jstor.org/stable/2646968}}

@book{Ricardo,
	Author = {Ricardo, David},
	Edition = {3},
	Location = {London},
	Note = {Library of Economics and Liberty. August 7, 2015: http://www.econlib.org/library/Ricardo/ricP.html},
	Publisher = {John Murray},
	Title = {On the Principles of Political Economy and Taxation},
	Year = {1821}}

@article{Balassa1963,
	Author = {Balassa, Bela},
	Issn = {00346535},
	Journal = {The Review of Economics and Statistics},
	Number = {3},
	Pages = {231--238},
	Publisher = {The MIT Press},
	Title = {An Empirical Demonstration of Classical Comparative Cost Theory},
	Url = {http://www.jstor.org/stable/1923892},
	Volume = {45},
	Year = {1963},
	Bdsk-Url-1 = {http://www.jstor.org/stable/1923892}}

@misc{tiva2,
	Author = {OECD-WTO},
	Title = {Trade in Value Added (TiVA)},
	Year = {2015}}

@article{ottaviano,
	Author = {Mayer, Thierry and Ottaviano, Gianmarco I. P.},
	Date-Modified = {2015-11-02 15:03:21 +0000},
	Doi = {10.1007/s10272-008-0247-x},
	Issn = {0020-5346},
	Journal = {International economics},
	Number = {3},
	Pages = {135-148},
	Publisher = {Springer-Verlag},
	Title = {The Happy Few: The Internationalisation of European Firms},
	Url = {http://dx.doi.org/10.1007/s10272-008-0247-x},
	Volume = {43},
	Year = {2008},
	Bdsk-Url-1 = {http://dx.doi.org/10.1007/s10272-008-0247-x}}

@techreport{acemoglu2015,
	Author = {Acemoglu, Daron and Ozdaglar, Asuman and Tahbaz-Salehi,Alireza},
	Doi = {10.3386/w20931},
	Institution = {National Bureau of Economic Research},
	Number = {20931},
	Series = {Working Paper Series},
	Title = {Networks, Shocks, and Systemic Risk},
	Type = {Working Paper},
	Year = {2015},
	Bdsk-Url-1 = {http://dx.doi.org/10.3386/w20931}}

@article{acemoglu2012,
	Author = {Acemoglu, Daron and Carvalho, Vasco M. and Ozdaglar, Asuman and Tahbaz-Salehi, Alireza},
	Journal = {Econometrica},
	Number = {5},
	Pages = {1977--2016},
	Publisher = {Wiley Online Library},
	Title = {The network origins of aggregate fluctuations},
	Volume = {80},
	Year = {2012}}

@article{cregg,
	Author = {Cragg, John G. and Donald, Stephen G.},
	Journal = {Econometric Theory},
	Jstor_Articletype = {research-article},
	Jstor_Formatteddate = {Jun., 1993},
	Number = {2},
	Pages = {222--240},
	Publisher = {Cambridge University Press},
	Title = {Testing Identifiability and Specification in Instrumental Variable Models},
	Url = {http://www.jstor.org/stable/3532477},
	Volume = {9},
	Year = {1993},
	Bdsk-Url-1 = {http://www.jstor.org/stable/3532477}}

@article{stock,
	Author = {Stock, James H and Yogo, Motohiro},
	Journal = {Identification and inference for econometric models: Essays in honor of Thomas Rothenberg},
	Title = {Testing for weak instruments in linear IV regression},
	Year = {2005}}

@article{dixit,
	Author = {Dixit, Avinash K and Stiglitz, Joseph E},
	Date-Added = {2015-04-27 13:29:42 +0000},
	Date-Modified = {2015-04-27 13:34:26 +0000},
	Journal = {The American Economic Review},
	Number = {3},
	Pages = {297--308},
	Publisher = {JSTOR},
	Title = {Monopolistic competition and optimum product diversity},
	Volume = {67},
	Year = {1977}}

@article{golub,
	Author = {Golub, Stephen S. and Hsieh, Chang-Tai},
	Journal = {Review of International Economics},
	Number = {2},
	Pages = {221--234},
	Publisher = {Wiley Online Library},
	Title = {Classical Ricardian theory of comparative advantage revisited},
	Volume = {8},
	Year = {2000}}

@misc{boyd2009,
	Author = {Boyd, Stephen},
	Howpublished = {University Lecture},
	Institution = {Stanford University},
	Note = {{\url{http://stanford.edu/class/ee363/lectures/pf.pdf}}},
	Title = {Perron-Frobenius Theory},
	Year = {2009}}

@article{krugman,
	Author = {Krugman, Paul R.},
	Journal = {The American Economic Review},
	Number = {9},
	Pages = {950--959},
	Publisher = {JSTOR},
	Title = {Scale economies, product differentiation, and the pattern of trade},
	Volume = {70},
	Year = {1980}}

@article{silva,
	Author = {Silva, J. M. C. Santos and Tenreyro, Silvana},
	Journal = {The Review of Economics and statistics},
	Number = {4},
	Pages = {641--658},
	Publisher = {MIT Press},
	Title = {The log of gravity},
	Volume = {88},
	Year = {2006}}

@article{melitz08,
	Author = {Melitz, Marc J. and Ottaviano, Gianmarco I. P.},
	Journal = {The Review of Economic Studies},
	Number = {1},
	Pages = {295-316},
	Title = {Market Size, Trade, and Productivity},
	Volume = {75},
	Year = {2008}}

@article{melitz,
	Author = {Melitz, Marc J},
	Date-Added = {2015-03-14 22:27:44 +0000},
	Date-Modified = {2015-03-14 22:27:44 +0000},
	Journal = {Econometrica},
	Number = {6},
	Pages = {1695--1725},
	Publisher = {Wiley Online Library},
	Title = {The impact of trade on intra-industry reallocations and aggregate industry productivity},
	Volume = {71},
	Year = {2003}}

@unpublished{donaldson,
	Author = {Dave Donaldson},
	Howpublished = {University Lecture},
	Institution = {Massachusetts Institute of Technology},
	Note = {\href{http://economics.mit.edu/files/7438}},
	Title = {Lecture 4: The Ricardian Model (Empirics)},
	Year = {2011}}

@article{dornbusch,
	Author = {Dornbusch, Rudiger and Fischer, Stanley and Samuelson, Paul Anthony},
	Date-Added = {2015-04-23 15:53:18 +0000},
	Date-Modified = {2015-04-23 16:06:53 +0000},
	Journal = {The American Economic Review},
	Number = {5},
	Pages = {823--839},
	Publisher = {JSTOR},
	Title = {Comparative advantage, trade, and payments in a Ricardian model with a continuum of goods},
	Volume = {67},
	Year = {1977}}

@article{Simonovska,
	Author = {Ina Simonovska and Michael E. Waugh},
	Issn = {0022-1996},
	Journal = {Journal of International Economics},
	Keywords = {Indirect inference},
	Number = {1},
	Pages = {34 - 50},
	Title = {The elasticity of trade: Estimates and evidence},
	Volume = {92},
	Year = {2014}}

@article{eaton,
	Author = {Eaton, Jonathan and Kortum, Samuel S.},
	Journal = {Econometrica},
	Number = {5},
	Pages = {1741--1779},
	Publisher = {Wiley Online Library},
	Title = {Technology, geography, and trade},
	Volume = {70},
	Year = {2002}}

@book{helpman,
	Author = {Helpman, Elhanan and Krugman, Paul Robin},
	Date-Added = {2015-04-23 15:51:54 +0000},
	Date-Modified = {2015-04-23 15:57:48 +0000},
	Location = {Cambridge, Mass.},
	Publisher = {MIT press},
	Title = {Market structure and foreign trade: Increasing returns, imperfect competition, and the international economy},
	Year = {1985}}

@unpublished{miskusheva,
	Author = {Mikusheva, Anna},
	Note = {{\url{http://ocw.mit.edu} (Online; accessed 03.08 2015)}},
	Publisher = {Massachusetts Institute of Technology: MIT OpenCourseWare},
	Title = {14.384 Time Series Analysis, Fall 2013. Lecture 7 and 8. Weak IV.},
	Url = {http://ocw.mit.edu},
	Year = {2013},
	Bdsk-Url-1 = {http://ocw.mit.edu}}

@book{feenstra2003,
	Author = {Feenstra, Robert C},
	Location = {Princeton, N.J.},
	Publisher = {Princeton University Press},
	Title = {Advanced international trade: theory and evidence},
	Year = {2003}}

@article{stern,
	Author = {Stern, Robert M},
	Date-Added = {2015-04-23 15:46:54 +0000},
	Date-Modified = {2015-04-23 16:07:44 +0000},
	Journal = {Oxford Economic Papers},
	Pages = {275--296},
	Publisher = {JSTOR},
	Title = {British and American productivity and comparative costs in international trade},
	Volume = {14},
	Year = {1962}}

@article{macdougall,
	Author = {MacDougall, G. D. A.},
	Date-Added = {2015-04-23 15:46:27 +0000},
	Date-Modified = {2015-04-23 15:59:54 +0000},
	Journal = {The Economic Journal},
	Number = {244},
	Pages = {697--724},
	Publisher = {JSTOR},
	Title = {British and American exports: A study suggested by the theory of comparative costs. Part I},
	Volume = {61},
	Year = {1951}}

@article{bound,
	Author = {Bound, John and Jaeger, David and Baker, Regina},
	Institution = {National Bureau of Economic Research, Inc},
	Journal = {NBER Working Papers},
	Number = {0137},
	Title = {The Cure Can Be Worse than the Disease: A Cautionary Tale Regarding Instrumental Variables},
	Url = {http://EconPapers.repec.org/RePEc:nbr:nberte:0137},
	Year = {1993},
	Bdsk-Url-1 = {http://EconPapers.repec.org/RePEc:nbr:nberte:0137}}

@article{harrigan_spec,
	Author = {Harrigan, James},
	Institution = {National Bureau of Economic Research, Inc},
	Journal = {NBER Working Papers},
	Number = {8675},
	Title = {Specialization and the Volume of Trade: Do the Data Obey the Laws?},
	Year = {2001}}

@incollection{deardorff1984,
	Author = {Deardorff, Alan},
	Booktitle = {Handbook of International Economics},
	Chapter = {10},
	Edition = {1},
	Editor = {R., W. Jones and P., B. Kenen},
	Location = {Amsterdam ; New York : North Holland ; New York, N.Y., U.S.A.},
	Pages = {467-517},
	Publisher = {Elsevier},
	Title = {Testing trade theories and predicting trade flows},
	Volume = {1},
	Year = {1984},
	Bdsk-Url-1 = {http://EconPapers.repec.org/RePEc:eee:intchp:1-10}}

@article{oecd-mfn,
	Author = {OECD},
	Publisher = {OECD Publishing},
	Title = {Most-Favoured-Nation Treatment in International Investment Law},
	Year = {2004}}

@article{Timmer2015,
	Author = {Timmer, Marcel P and Dietzenbacher, Erik and Los, Bart and Stehrer, Robert and Vries, Gaaitzen J},
	Journal = {Review of International Economics},
	Publisher = {Wiley Online Library},
	Title = {An Illustrated User Guide to the World Input--Output Database: the Case of Global Automotive Production},
	Year = {2015}}

@article{Timmer2012,
	Author = {Timmer, Marcel P.},
	Date-Modified = {2015-08-11 12:16:12 +0000},
	Institution = {University of Groningen, 2012},
	Journal = {WIOD Working Paper No. 10},
	Title = {The world input-output database (WIOD): contents, sources and methods},
	Year = {2012}}

@article{timmer_gvc,
	Author = {Timmer, Marcel P. and Erumban, Abdul Azeez and Los, Bart and Stehrer, Robert and de Vries, Gaaitzen J.},
	Journal = {The Journal of Economic Perspectives},
	Pages = {99--118},
	Publisher = {JSTOR},
	Title = {Slicing up global value chains},
	Year = {2014}}

@article{Feenstra,
	Author = {Feenstra, Robert C. and Heston, Alan and Timmer, Marcel P. and Deng, Haiyan},
	Journal = {Review of Economics and Statistics},
	Number = {1},
	Pages = {201--212},
	Title = {Estimating Real Production and Expenditures across Nations: A Proposal for Improving the Penn World Tables},
	Volume = {91},
	Year = {2009}}

@article{costinot,
	Author = {Costinot, Arnaud and Donaldson, Dave and Komunjer, Ivana},
	Journal = {The Review of Economic Studies},
	Pages = {581--608},
	Publisher = {Oxford University Press},
	Title = {What goods do countries trade? A quantitative exploration of Ricardo\'s ideas},
	Volume = {79},
	Year = {2011}}

@article{feenstra98,
	Author = {Feenstra, Robert C.},
	Doi = {10.1257/jep.12.4.31},
	Journal = {Journal of Economic Perspectives},
	Number = {4},
	Pages = {31-50},
	Title = {Integration of Trade and Disintegration of Production in the Global Economy},
	Url = {http://www.aeaweb.org/articles.php?doi=10.1257/jep.12.4.31},
	Volume = {12},
	Year = {1998},
	Bdsk-Url-1 = {http://www.aeaweb.org/articles.php?doi=10.1257/jep.12.4.31},
	Bdsk-Url-2 = {http://dx.doi.org/10.1257/jep.12.4.31}}

@article{Balassa,
	Author = {Balassa, Bela},
	Date-Added = {2015-04-23 15:44:31 +0000},
	Date-Modified = {2015-04-27 13:54:57 +0000},
	Journal = {The Manchester School},
	Number = {2},
	Pages = {99--123},
	Publisher = {Wiley Online Library},
	Title = {Trade liberalisation and 'revealed' comparative advantage},
	Volume = {33},
	Year = {1965}}

@article{samuelson,
	Author = {Samuelson, Paul A.},
	Date-Added = {2015-04-23 15:43:05 +0000},
	Date-Modified = {2015-04-23 15:59:11 +0000},
	Journal = {The Economic Journal},
	Number = {254},
	Pages = {264--289},
	Publisher = {JSTOR},
	Title = {The transfer problem and transport costs, II: Analysis of effects of trade impediments},
	Volume = {64},
	Year = {1954}}

@misc{OECDSTAN,
	Author = {OECD},
	Title = {STAN Database for Structural Analysis},
	Year = {2011}}

@article{Benedictis14,
	Author = {De Benedictis, Luca and Nenci, Silvia and Santoni, Gianluca and Tajoli, Lucia and Vicarelli, Claudio},
	Journal = {Global Economy Journal},
	Number = {3-4},
	Pages = {287--343},
	Title = {Network Analysis of World Trade using the BACI-CEPII dataset},
	Volume = {14},
	Year = {2014}}

@article{leontief,
	Author = {Leontief, Wassily W.},
	Date-Added = {2015-03-14 22:27:10 +0000},
	Date-Modified = {2015-03-14 22:27:10 +0000},
	Journal = {The review of economic statistics},
	Pages = {105--125},
	Publisher = {JSTOR},
	Title = {Quantitative input and output relations in the economic systems of the United States},
	Year = {1936}}

@article{leromain2014,
	Author = {Leromain, Elsa and Orefice, Gianluca},
	Date-Added = {2015-03-14 22:23:47 +0000},
	Date-Modified = {2015-03-14 22:23:47 +0000},
	Journal = {International Economics},
	Pages = {48--70},
	Publisher = {Elsevier},
	Title = {New revealed comparative advantage index: dataset and empirical distribution},
	Volume = {139},
	Year = {2014}}

@article{Cerina2014,
	Author = {Federica Cerina and Zhen Zhu and Alessandro Chessa and Massimo Riccaboni},
	Date-Added = {2015-03-14 22:21:54 +0000},
	Date-Modified = {2015-11-02 15:02:40 +0000},
	Journal = {PoLS},
	Keywords = {Complex Networks; Input-Output; PageRank Centrality; Community Detection},
	Number = {7},
	Title = {{World Input-Output Network}},
	Type = {Working Papers},
	Url = {http://ideas.repec.org/p/ial/wpaper/6-2014.html},
	Volume = {10},
	Year = 2015,
	Bdsk-Url-1 = {http://ideas.repec.org/p/ial/wpaper/6-2014.html}}

@article{de2010,
	Author = {De Benedictis, Luca and Tajoli, Lucia},
	Date-Added = {2015-03-14 22:20:57 +0000},
	Date-Modified = {2015-03-14 22:20:57 +0000},
	Journal = {Aussenwirtschaft},
	Number = {2},
	Pages = {53--73},
	Title = {Comparing sectoral international trade networks},
	Volume = {65},
	Year = {2010}}

@article{Rufflin,
	Author = {Ruffin, Roy},
	Date-Added = {2015-08-07 16:54:54 +0000},
	Date-Modified = {2015-08-07 16:54:54 +0000},
	Journal = {History of Political Economy},
	Number = {4},
	Pages = {727--748},
	Publisher = {Duke University Press},
	Title = {David Ricardo's discovery of comparative advantage},
	Volume = {34},
	Year = {2002}}

@incollection{mill,
	Author = {Mill, John Stuart},
	Booktitle = {Essays on Some Unsettled Questions of Political Economy},
	Date-Added = {2015-08-07 16:52:29 +0000},
	Date-Modified = {2015-08-07 16:53:53 +0000},
	Publisher = {JW Parker},
	Title = {Of the Laws of Interchange between Nations; and the Distribution of the Gains of Commerce among the Countries of the Commercial World},
	Year = {1874}}

@article{leamer,
	Author = {Edward E. Leamer and James Levinsohn},
	Institution = {National Bureau of Economic Research, Inc},
	Journal = {NBER Working Papers},
	Title = {{International Trade Theory: The Evidence}},
	Url = {http://ideas.repec.org/p/nbr/nberwo/4940.html},
	Year = 1994,
	Bdsk-Url-1 = {http://ideas.repec.org/p/nbr/nberwo/4940.html}}

@article{bernard2003,
	Author = {Bernard, Andrew B. and Eaton, Jonathan and Jensen, J. Bradford and Kortum, Samuel S.},
	Copyright = {Copyright � 2003 American Economic Association},
	Issn = {00028282},
	Journal = {The American Economic Review},
	Jstor_Articletype = {research-article},
	Number = {4},
	Pages = {1268--1290},
	Publisher = {American Economic Association},
	Title = {Plants and Productivity in International Trade},
	Url = {http://www.jstor.org/stable/3132288},
	Volume = {93},
	Year = {2003},
	Bdsk-Url-1 = {http://www.jstor.org/stable/3132288}}

@article{bernard96,
	Author = {Bernard, Andrew B. and Jones, Charles I.},
	Copyright = {Copyright � 1996 The MIT Press},
	Issn = {00346535},
	Journal = {The Review of Economics and Statistics},
	Jstor_Articletype = {research-article},
	Jstor_Formatteddate = {Feb., 1996},
	Number = {1},
	Pages = {135--146},
	Publisher = {The MIT Press},
	Title = {Productivity Across Industries and Countries: Time Series Theory and Evidence},
	Url = {http://www.jstor.org/stable/2109853},
	Volume = {78},
	Year = {1996},
	Bdsk-Url-1 = {http://www.jstor.org/stable/2109853}}

@article{bhagwati,
	Author = {Bhagwati, Jagdish},
	Journal = {The Economic Journal},
	Number = {293},
	Pages = {1-84},
	Publisher = {Wiley on behalf of the Royal Economic Society},
	Title = {The Pure Theory of International Trade: A Survey},
	Url = {http://www.jstor.org/stable/2228112},
	Volume = {74},
	Year = {1964},
	Bdsk-Url-1 = {http://www.jstor.org/stable/2228112}}

@article{de2010comparing,
	Author = {De Benedictis, Luca and Tajoli, Lucia},
	Journal = {Aussenwirtschaft},
	Number = {2},
	Pages = {53--73},
	Title = {Comparing sectoral international trade networks},
	Volume = {65},
	Year = {2010}}

@article{de2014network,
	Author = {De Benedictis Luca and Nenci Silvia and Santoni Gianluca and Tajoli Lucia and Vicarelli Claudio},
	Date-Modified = {2015-11-02 14:59:49 +0000},
	Journal = {Global Economy Journal},
	Number = {3 -- 4},
	Pages = {287--343},
	Title = {{Network Analysis of World Trade using the BACI-CEPII Dataset}},
	Url = {http://ideas.repec.org/a/bpj/glecon/v14y2014i3-4p57n8.html},
	Volume = {14},
	Year = 2014,
	Bdsk-Url-1 = {http://ideas.repec.org/a/bpj/glecon/v14y2014i3-4p57n8.html}}

@article{de2011world,
	Author = {De Benedictis, Luca and Tajoli, Lucia},
	Date-Added = {2015-03-14 22:19:44 +0000},
	Date-Modified = {2015-03-14 22:19:44 +0000},
	Journal = {The World Economy},
	Number = {8},
	Pages = {1417--1454},
	Publisher = {Wiley Online Library},
	Title = {The world trade network},
	Volume = {34},
	Year = {2011}}

@article{Inklaar2012,
	Author = {Inklaar, Robert and Timmer, Marcel P.},
	Doi = {10.1111/roiw.12012},
	Issn = {1475-4991},
	Journal = {Review of Income and Wealth},
	Keywords = {Geary-Khamis system, Penn-effect, PPP, prices, services},
	Number = {4},
	Pages = {727--746},
	Title = {The Relative Price of Services},
	Url = {http://dx.doi.org/10.1111/roiw.12012},
	Volume = {60},
	Year = {2014},
	Bdsk-Url-1 = {http://dx.doi.org/10.1111/roiw.12012}}

@article{head_gravity,
	Author = {Head, Keith and Mayer,Thierry},
	Journal = {Handbook of International Economics},
	Pages = {131},
	Publisher = {Elsevier},
	Title = {Gravity Equations: Workhorse, Toolkit, and Cookbook},
	Volume = {4},
	Year = {2014}}

@misc{opec,
	Author = {{Organization of the Petroleum Exporting Countries }},
	Title = {Annual Statistical Bulletin},
	Year = {2008}}

@article{kortum,
	Author = {Kortum, Samuel S.},
	Journal = {Econometrica},
	Number = {6},
	Pages = {1389-1420},
	Title = {{Research, Patenting, and Technological Change}},
	Volume = {65},
	Year = {1997}}

@article{eaton2,
	Author = {Eaton, Jonathan and Kortum, Samuel S.},
	Date-Modified = {2015-11-02 14:59:34 +0000},
	Issn = {0022-1996},
	Journal = {Journal of International Economics},
	Keywords = {Research},
	Note = {Symposium on Growth and International Trade: Empirical Studies},
	Number = {3 -- 4},
	Pages = {251 -- 278},
	Title = {Trade in ideas Patenting and productivity in the OECD},
	Url = {http://www.sciencedirect.com/science/article/pii/0022199695014071},
	Volume = {40},
	Year = {1996},
	Bdsk-Url-1 = {http://www.sciencedirect.com/science/article/pii/0022199695014071}}

@book{jackson2010,
	Author = {Jackson, M. O.},
	Date-Added = {2015-03-14 22:18:57 +0000},
	Date-Modified = {2015-03-14 22:18:57 +0000},
	Isbn = {9781400833993},
	Publisher = {Princeton University Press},
	Title = {Social and Economic Networks},
	Year = {2010}}

@book{hayashi2011,
	Author = {Hayashi, F.},
	Publisher = {Princeton University Press},
	Title = {Econometrics},
	Year = {2011}}

@article{wang2013,
	Author = {Wang, Zhi and Wei, Shang-Jin and Zhu, Kunfu},
	Date-Added = {2015-03-14 22:15:42 +0000},
	Date-Modified = {2015-03-14 22:15:42 +0000},
	Institution = {National Bureau of Economic Research, Inc},
	Journal = {NBER Working Papers},
	Number = {w19677},
	Title = {Quantifying International Production Sharing at the Bilateral and Sector Levels},
	Year = {2013}}

@article{Koopman,
	Author = {Koopman, Robert and Wang, Zhi and Wei, Shang-Jin},
	Date-Added = {2015-03-14 22:14:41 +0000},
	Date-Modified = {2015-03-14 22:14:41 +0000},
	Journal = {The American Economic Review},
	Number = {2},
	Pages = {459--494},
	Publisher = {American Economic Association},
	Title = {Tracing Value-Added and Double Counting in Gross Exports},
	Volume = {104},
	Year = {2014}}

@article{Krugman87,
	Author = {Krugman, Paul R.},
	Doi = {10.1257/jep.1.2.131},
	Journal = {Journal of Economic Perspectives},
	Number = {2},
	Pages = {131-144},
	Title = {Is Free Trade Passe?},
	Url = {http://www.aeaweb.org/articles.php?doi=10.1257/jep.1.2.131},
	Volume = {1},
	Year = {1987},
	Bdsk-Url-1 = {http://www.aeaweb.org/articles.php?doi=10.1257/jep.1.2.131},
	Bdsk-Url-2 = {http://dx.doi.org/10.1257/jep.1.2.131}}

@article{Krugman79,
	Author = {Krugman, Paul R.},
	Doi = {http://dx.doi.org/10.1016/0022-1996(79)90017-5},
	Issn = {0022-1996},
	Journal = {Journal of International Economics},
	Number = {4},
	Pages = {469 - 479},
	Title = {Increasing returns, monopolistic competition, and international trade},
	Volume = {9},
	Year = {1979},
	Bdsk-Url-1 = {http://dx.doi.org/10.1016/0022-1996(79)90017-5}}

@article{Krugman80,
	Author = {Krugman, Paul R.},
	Issn = {00028282},
	Journal = {The American Economic Review},
	Jstor_Articletype = {research-article},
	Number = {5},
	Pages = {950--959},
	Publisher = {American Economic Association},
	Title = {Scale Economies, Product Differentiation, and the Pattern of Trade},
	Volume = {70},
	Year = {1980}}

@article{Bonacich77,
	Author = {Bonacich, Phillip},
	Journal = {The Journal of Mathematical Sociology},
	Number = {1},
	Pages = {113-120},
	Title = {Factoring and weighting approaches to status scores and clique identification},
	Volume = {2},
	Year = {1972}}

@article{daudin2011,
	Author = {Daudin, Guillaume and Rifflart, Christine and Schweisguth, Danielle},
	Journal = {Canadian Journal of Economics/Revue canadienne d'{\'e}conomique},
	Number = {4},
	Pages = {1403--1437},
	Publisher = {Wiley Online Library},
	Title = {Who produces for whom in the world economy?},
	Volume = {44},
	Year = {2011}}

@article{stehrer2012,
	Author = {Stehrer, Robert},
	Date-Added = {2015-03-14 22:13:14 +0000},
	Date-Modified = {2015-03-14 22:13:14 +0000},
	Journal = {The Vienna Institute for International Economic Studies (wiiw) Working Paper},
	Title = {Trade in value added and the value added in trade},
	Volume = {81},
	Year = {2012}}

@article{serano,
	Author = {Serrano, Ma \'Angeles and Bogu\~n\'a, Mari\'an},
	Doi = {10.1103/PhysRevE.68.015101},
	Issue = {1},
	Journal = {Phys. Rev. E},
	Numpages = {4},
	Pages = {015101},
	Publisher = {American Physical Society},
	Title = {Topology of the world trade web},
	Url = {http://link.aps.org/doi/10.1103/PhysRevE.68.015101},
	Volume = {68},
	Year = {2003},
	Bdsk-Url-1 = {http://link.aps.org/doi/10.1103/PhysRevE.68.015101},
	Bdsk-Url-2 = {http://dx.doi.org/10.1103/PhysRevE.68.015101}}

@article{Hummels,
	Author = {David Hummels and Jun Ishii and Kei-Mu Yi},
	Date-Modified = {2015-11-02 14:59:00 +0000},
	Doi = {http://dx.doi.org/10.1016/S0022-1996(00)00093-3},
	Issn = {0022-1996},
	Journal = {Journal of International Economics},
	Number = {1},
	Pages = {75 -- 96},
	Title = {The nature and growth of vertical specialization in world trade},
	Url = {http://www.sciencedirect.com/science/article/pii/S0022199600000933},
	Volume = {54},
	Year = {2001},
	Bdsk-Url-1 = {http://www.sciencedirect.com/science/article/pii/S0022199600000933},
	Bdsk-Url-2 = {http://dx.doi.org/10.1016/S0022-1996(00)00093-3}}

@article{hinloopen2001,
	Author = {Hinloopen, Jeroen and Van Marrewijk, Charles},
	Journal = {Weltwirtschaftliches Archiv},
	Number = {1},
	Pages = {1--35},
	Publisher = {Springer},
	Title = {On the empirical distribution of the Balassa index},
	Volume = {137},
	Year = {2001}}

@techreport{Johnson2012,
	Author = {Robert C. Johnson and Guillermo Noguera},
	Doi = {10.3386/w18186},
	Institution = {National Bureau of Economic Research},
	Number = {18186},
	Series = {Working Paper Series},
	Title = {Fragmentation and Trade in Value Added over Four Decades},
	Type = {Working Paper},
	Url = {http://www.nber.org/papers/w18186},
	Year = {2012},
	Bdsk-Url-1 = {http://www.nber.org/papers/w18186},
	Bdsk-Url-2 = {http://dx.doi.org/10.3386/w18186}}

@article{johnson,
	Author = {Johnson, Robert C.},
	Date-Added = {2015-03-14 22:12:48 +0000},
	Date-Modified = {2015-03-14 22:12:48 +0000},
	Journal = {The Journal of Economic Perspectives},
	Pages = {119--142},
	Publisher = {JSTOR},
	Title = {Five facts about value-added exports and implications for macroeconomics and trade research},
	Year = {2014}}

@article{Johnson2012b,
	Author = {Robert C. Johnson and Guillermo Noguera},
	Issn = {0022-1996},
	Journal = {Journal of International Economics},
	Number = {2},
	Pages = {224 - 236},
	Title = {Accounting for intermediates: Production sharing and trade in value added},
	Volume = {86},
	Year = {2012}}

@article{baldwin2014,
	Author = {Baldwin, Richard and Lopez-Gonzalez, Javier},
	Date-Added = {2015-03-14 22:12:28 +0000},
	Date-Modified = {2015-03-14 22:12:28 +0000},
	Journal = {The World Economy},
	Pages = {1--40},
	Publisher = {Wiley Online Library},
	Title = {Supply-chain Trade: A Portrait of Global Patterns and Several Testable Hypotheses},
	Year = {2014}}

@article{tiva,
	Author = {OECD},
	Doi = {http://dx.doi.org/10.1787/9789264189560-4-en},
	Publisher = {OECD Publishing},
	Title = {Interconnected Economies: Benefiting from Global Value Chains Measuring trade in value added},
	Year = {2013},
	Bdsk-Url-1 = {http://dx.doi.org/10.1787/9789264189560-4-en}}
